@online{pokemongo,
    author = "Niantic Labs",
    title = "Pókemon Go",
    url  = "https://pokemongolive.com/es/",
}

@online{hardware,
    author = "Edgar Mozas Fenoll",
    title = "Hardware",
    url = "https://www.youtube.com/watch?reload=9&v=jpd5E_Dh9PU",
}

@online{lowe,
    author = "Forbes",
    title = "El servicio al cliente: factor de triunfo o fracaso de tu negocio",
    url = "https://www.forbes.com.mx/el-servicio-al-cliente-factor-de-triunfo-o-fracaso-de-tu-negocio/",
}

@online{seo,
    author = "Accelerate",
    title = "The Definitive Guide to the Average Cost of SEO Services in the UK in 2020",
    url = "https://www.accelerate-agency.com/average-cost-of-seo-uk",
}

@online{ikea,
    author = "TECHcetera",
    title = "Ikea Place - App de Realidad Aumentada para el iPad | Noticias tecnológicas",
    url = "https://www.youtube.com/watch?v=ALpVlVsH6M8",
}


@online{loreal,
    author = "L’Oréal Professionnel",
    title = "STYLE MY HAIR 3D HAIR COLOR",
    url = "https://www.lorealprofessionnel.es/style-my-hair-page",
}

@online{gap,
    author = "tom's guide",
    title = "Gap AR App Could Make Fitting Rooms Obsolete",
    url = "https://www.tomsguide.com/us/gap-ar-app-google-tango,news-25116.html",
}

@online{heinz,
    author = "The Drum",
    title = "Heinz launches augmented-reality trial for ketchup with Blippar",
    url = "https://www.thedrum.com/news/2011/10/27/heinz-launches-ketchup-augmented-reality-trial-blippar",
}

@online{mercedes,
    author = "",
    title = "Ask Mercedes",
    url = "https://www.la.mercedes-benz.com/es/passengercars/being-an-owner/ask-mercedes-campaign/stage.module.html",
}

@online{hyundai,
    author = "Hyundai motorgroup",
    title = "Hyundai Virtual Guide Introduces Augmented Reality to the Owner's Manual",
    url = "https://news.hyundaimotorgroup.com/MediaCenter/News/Press-Releases/hmc-virtual-guide-introduce-owner-manual-151111",
}


@online{guideo,
    author = "El Diario",
    title = "Turismo cultural en primera persona a través de la realidad aumentada",
    url = "https://www.eldiario.es/andalucia/pasaporte/video-realidad-aumentada-cadiz_1_4604312.html",
}


@online{hololens,
    author = "Microsoft - Todd Holmdahl",
    title = "BUILD 2015: A closer look at the Microsoft HoloLens hardware",
    url = "https://blogs.windows.com/devices/2015/04/30/build-2015-a-closer-look-at-the-microsoft-hololens-hardware/",
}